@book{boyd2004convex,
  title="\href{https://web.stanford.edu/~boyd/cvxbook/}{Convex optimization}",
  author={Boyd, Stephen and Boyd, Stephen P and Vandenberghe, Lieven},
  year={2004},
  publisher={Cambridge university press}
}

@article{zhou2018fenchel,
  title="\href{https://arxiv.org/pdf/1803.06573.pdf}{On the fenchel duality between strong convexity and lipschitz continuous gradient}",
  author={Zhou, Xingyu},
  journal={arXiv preprint arXiv:1803.06573},
  year={2018}
}

@article{vandenberghe2010cvxopt,
  title="\href{https://www.seas.ucla.edu/~vandenbe/publications/coneprog.pdf}{The CVXOPT linear and quadratic cone program solvers}",
  author={Vandenberghe, Lieven},
  journal={Online: http://cvxopt. org/documentation/coneprog. pdf},
  year={2010}
}

@article{polyak1964some,
  title="\href{https://vsokolov.org/courses/750/files/polyak64.pdf}{Some methods of speeding up the convergence of iteration methods}",
  author={Polyak, Boris T},
  journal={Ussr computational mathematics and mathematical physics},
  volume={4},
  number={5},
  pages={1--17},
  year={1964},
  publisher={Elsevier}
}

@article{nesterov1998introductory,
  title="\href{https://citeseerx.ist.psu.edu/viewdoc/download?doi=10.1.1.693.855&rep=rep1&type=pdf}{Introductory lectures on convex programming volume i: Basic course}",
  author={Nesterov, Yurii},
  journal={Lecture notes},
  volume={3},
  number={4},
  pages={5},
  year={1998}
}

@inproceedings{nesterov1983method,
  title={A method for solving the convex programming problem with convergence rate O (1/k\^{} 2)},
  author={Nesterov, Yurii E},
  booktitle={Dokl. akad. nauk Sssr},
  volume={269},
  pages={543--547},
  year={1983}
}

@article{duchi2011adaptive,
  title="\href{http://www.jmlr.org/papers/volume12/duchi11a/duchi11a.pdf}{Adaptive subgradient methods for online learning and stochastic optimization.}",
  author={Duchi, John and Hazan, Elad and Singer, Yoram},
  journal={Journal of machine learning research},
  volume={12},
  number={7},
  year={2011}
}

@article{platt1998sequential,
  title="\href{https://www.microsoft.com/en-us/research/wp-content/uploads/2016/02/tr-98-14.pdf}{Sequential minimal optimization: A fast algorithm for training support vector machines}",
  author={Platt, John},
  year={1998}
}

@article{keerthi2001improvements,
  title="\href{http://web.cs.iastate.edu/~honavar/keerthi-svm.pdf}{Improvements to Platt's SMO algorithm for SVM classifier design}",
  author={Keerthi, S. Sathiya and Shevade, Shirish Krishnaj and Bhattacharyya, Chiranjib and Murthy, Karuturi Radha Krishna},
  journal={Neural computation},
  volume={13},
  number={3},
  pages={637--649},
  year={2001},
  publisher={MIT Press}
}

@article{flake2002efficient,
  title="\href{https://link.springer.com/content/pdf/10.1023/A:1012474916001.pdf}{Efficient SVM regression training with SMO}",
  author={Flake, Gary William and Lawrence, Steve},
  journal={Machine Learning},
  volume={46},
  number={1},
  pages={271--290},
  year={2002},
  publisher={Springer}
}

@article{shevade1999improvements,
  title="\href{http://citeseerx.ist.psu.edu/viewdoc/download?doi=10.1.1.27.8961&rep=rep1&type=pdf}{Improvements to SMO algorithm for SVM regression (Tech. Rep. No. CD-99-16)}",
  author={Shevade, SK and Keerthi, SS and Bhattacharyya, C and Murthy, KRK},
  journal={Singapore: Control Division Department of Mechanical and Production Engineering},
  year={1999}
}

@article{fletcher2009support,
  title="\href{https://static1.squarespace.com/static/58851af9ebbd1a30e98fb283/t/58902fbae4fcb5398aeb7505/1485844411772/SVM+Explained.pdf}{Support vector machines explained}",
  author={Fletcher, Tristan},
  journal={Tutorial paper., Mar},
  pages={28},
  year={2009}
}

@article{piccialli2018nonlinear,
  title={Nonlinear optimization and support vector machines},
  author={Piccialli, Veronica and Sciandrone, Marco},
  journal={4OR},
  volume={16},
  number={2},
  pages={111--149},
  year={2018},
  publisher={Springer}
}

@article{hsu2002simple,
  title="\href{http://citeseerx.ist.psu.edu/viewdoc/download?doi=10.1.1.126.4700&rep=rep1&type=pdf}{A simple decomposition method for support vector machines}",
  author={Hsu, Chih-Wei and Lin, Chih-Jen},
  journal={Machine Learning},
  volume={46},
  number={1},
  pages={291--314},
  year={2002},
  publisher={Springer}
}

@article{fan2008liblinear,
  title="\href{https://www.csie.ntu.edu.tw/~cjlin/liblinear}{LIBLINEAR: A library for large linear classification}",
  author={Fan, Rong-En and Chang, Kai-Wei and Hsieh, Cho-Jui and Wang, Xiang-Rui and Lin, Chih-Jen},
  journal={the Journal of machine Learning research},
  volume={9},
  pages={1871--1874},
  year={2008},
  publisher={JMLR. org}
}

@article{chang2011libsvm,
  title="\href{https://www.csie.ntu.edu.tw/~cjlin/libsvm}{LIBSVM: a library for support vector machines}",
  author={Chang, Chih-Chung and Lin, Chih-Jen},
  journal={ACM transactions on intelligent systems and technology (TIST)},
  volume={2},
  number={3},
  pages={1--27},
  year={2011},
  publisher={Acm New York, NY, USA}
}